@report{cw-readme,
	author = {{Mississippi State University and Oak Ridge National Laboratory}},
	date = {2014-04-15},
	title = {Power system attack datasets},
	url = {http://www.ece.uah.edu/~thm0009/icsdatasets/PowerSystem_Dataset_README.pdf},
}

@online{binary_dataset,
	title = {Google Colab},
	url = {https://colab.research.google.com/drive/1D-d-fE6HDtyurjdwe30B6qVHKBR9P41b#scrollTo=yyC0y3AKpFEh},
}

@online{multi_dataset,
	title = {Google Colab},
	url = {https://colab.research.google.com/drive/1LSB2kUiGJ3uFcUVLtb6Fy5C2c3EPhC9X#scrollTo=yyC0y3AKpFEh},
}